@techreport{day1997coupling,
	author =        {Richard E. Day},
	title =         {Coupling Dynamics in Aircraft: A Historical Perspective},
	institution =   {NASA},
	year= 			{1997},
	url   =         {https://ntrs.nasa.gov/citations/19970019603}
}